<record><leader>00000cas a22000007a 4500</leader><controlfield tag="001">10486805</controlfield><controlfield tag="008">840305d19211923vi wr ne      0   a0eng d</controlfield><datafield ind1=" " ind2=" " tag="010"><subfield code="a">sn 84037533 </subfield></datafield><datafield ind1=" " ind2=" " tag="040"><subfield code="a">NVI</subfield><subfield code="b">eng</subfield><subfield code="c">NPV</subfield><subfield code="d">DLC</subfield><subfield code="d">OCLCQ</subfield></datafield><datafield ind1=" " ind2=" " tag="042"><subfield code="a">msc</subfield></datafield><datafield ind1="0" ind2=" " tag="130"><subfield code="a">St. Thomas times (Saint Thomas, V.I. : 1921)</subfield></datafield><datafield ind1="1" ind2="4" tag="245"><subfield code="a">The St. Thomas times.</subfield></datafield><datafield ind1=" " ind2=" " tag="260"><subfield code="a">St. Thomas, V.I. :</subfield><subfield code="b">Times Pub. Co.,</subfield><subfield code="c">-1923.</subfield></datafield><datafield ind1=" " ind2=" " tag="300"><subfield code="a">2 v. ;</subfield><subfield code="c">37 cm.</subfield></datafield><datafield ind1=" " ind2=" " tag="310"><subfield code="a">Weekly</subfield></datafield><datafield ind1="0" ind2=" " tag="362"><subfield code="a">-v. 2, no. 99 (Oct. 13, 1923).</subfield></datafield><datafield ind1="1" ind2=" " tag="362"><subfield code="a">Began with Oct. 8, 1921 issue.</subfield></datafield><datafield ind1=" " ind2=" " tag="500"><subfield code="a">Editor: Alton A. Adams.</subfield></datafield><datafield ind1=" " ind2=" " tag="550"><subfield code="a">"Edited, printed, and published by the Navy Bandsmen of the St. Thomas Station."</subfield></datafield><datafield ind1=" " ind2=" " tag="588"><subfield code="a">Description based on: Vol. 1, no. 2 (Oct. 15, 1921).</subfield></datafield><datafield ind1="1" ind2=" " tag="700"><subfield code="a">Adams, Alton A.</subfield></datafield><datafield ind1=" " ind2=" " tag="752"><subfield code="a">United States</subfield><subfield code="b">Virgin Islands</subfield><subfield code="c">Saint Thomas</subfield><subfield code="d">Saint Thomas.</subfield></datafield></record>